@article{CanonneTopicsDT2022,
	url = {http://dx.doi.org/10.1561/0100000114},
	year = {2022},
	volume = {19},
	journal = {Foundations and Trends® in Communications and Information Theory},
	title = {Topics and Techniques in Distribution Testing: A Biased but Representative Sample},
	doi = {10.1561/0100000114},
	issn = {1567-2190},
	number = {6},
	pages = {1032-1198},
	author = {Clément L. Canonne}
}

@book{Vershynin18,
    AUTHOR = {Vershynin, Roman},
     TITLE = {High-dimensional probability},
    SERIES = {Cambridge Series in Statistical and Probabilistic Mathematics},
    VOLUME = {47},
 PUBLISHER = {Cambridge University Press, Cambridge},
      YEAR = {2018},
     PAGES = {xiv+284},
      ISBN = {978-1-108-41519-4},
   MRCLASS = {60-01 (60B05 60B20 60E15 60Fxx 62H25)},
  MRNUMBER = {3837109},
MRREVIEWER = {Sasha Sodin},
       DOI = {10.1017/9781108231596},
       URL = {https://doi.org/10.1017/9781108231596},
}

@book{BoucheronLM13,
    AUTHOR = {Boucheron, St\'{e}phane and Lugosi, G\'{a}bor and Massart, Pascal},
     TITLE = {Concentration inequalities},
      NOTE = {A nonasymptotic theory of independence},
 PUBLISHER = {Oxford University Press, Oxford},
      YEAR = {2013},
     PAGES = {x+481},
      ISBN = {978-0-19-953525-5},
   MRCLASS = {60E15 (60D05 60G15 60G50 60G70 62G20)},
  MRNUMBER = {3185193},
MRREVIEWER = {Sreenivasan Ravi},
       DOI = {10.1093/acprof:oso/9780199535255.001.0001},
       URL = {https://doi.org/10.1093/acprof:oso/9780199535255.001.0001},
}

@book {AlonSBook,
    AUTHOR = {Alon, Noga and Spencer, Joel H.},
     TITLE = {The probabilistic method},
    SERIES = {Wiley Series in Discrete Mathematics and Optimization},
   EDITION = {Fourth},
 PUBLISHER = {John Wiley \& Sons, Inc., Hoboken, NJ},
      YEAR = {2016},
     PAGES = {xiv+375},
      ISBN = {978-1-119-06195-3},
   MRCLASS = {60-02 (05C80 05D40 60C05 60F10 60G42)},
  MRNUMBER = {3524748},
}

@book {WilliamsonS,
    AUTHOR = {Williamson, David P. and Shmoys, David B.},
     TITLE = {The design of approximation algorithms},
 PUBLISHER = {Cambridge University Press, Cambridge},
      YEAR = {2011},
     PAGES = {xii+504},
      ISBN = {978-0-521-19527-0},
   MRCLASS = {68-01 (68W25)},
  MRNUMBER = {2798112},
MRREVIEWER = {Dana Simian},
       DOI = {10.1017/CBO9780511921735},
       URL = {https://doi.org/10.1017/CBO9780511921735},
}

@inproceedings{Karger93,
  author       = {David R. Karger},
  title        = {Global Min-cuts in {RNC}, and Other Ramifications of a Simple Min-Cut
                  Algorithm},
  booktitle    = {{SODA}},
  publisher    = {{ACM/SIAM}},
  year         = {1993}
}

@inproceedings{KargerS93,
  author       = {David R. Karger and
                  Clifford Stein},
  title        = {An $\tilde{O}(n^2)$ algorithm for minimum cuts},
  booktitle    = {{STOC}},
  publisher    = {{ACM}},
  year         = {1993}
}

@article{HaoO94,
  author       = {Jianxiu Hao and
                  James B. Orlin},
  title        = {A Faster Algorithm for Finding the Minimum Cut in a Directed Graph},
  journal      = {J. Algorithms},
  volume       = {17},
  number       = {3},
  pages        = {424--446},
  year         = {1994}
}

@article{StoerW97,
  author       = {Mechthild Stoer and
                  Frank Wagner},
  title        = {A simple min-cut algorithm},
  journal      = {J. {ACM}},
  volume       = {44},
  number       = {4},
  pages        = {585--591},
  year         = {1997}
}

@article{KargerKT95,
  author       = {David R. Karger and
                  Philip N. Klein and
                  Robert Endre Tarjan},
  title        = {A Randomized Linear-Time Algorithm to Find Minimum Spanning Trees},
  journal      = {J. {ACM}},
  volume       = {42},
  number       = {2},
  pages        = {321--328},
  year         = {1995}
}

@article{King97,
  author       = {Valerie King},
  title        = {A Simpler Minimum Spanning Tree Verification Algorithm},
  journal      = {Algorithmica},
  volume       = {18},
  number       = {2},
  pages        = {263--270},
  year         = {1997}
}

@article{DixonRT92,
  author       = {Brandon Dixon and
                  Monika Rauch and
                  Robert Endre Tarjan},
  title        = {Verification and Sensitivity Analysis of Minimum Spanning Trees in
                  Linear Time},
  journal      = {{SIAM} J. Comput.},
  volume       = {21},
  number       = {6},
  pages        = {1184--1192},
  year         = {1992}
}